<?xml version="1.0" encoding="UTF-8"?><collection xmlns="http://www.loc.gov/MARC21/slim"><record><leader>00434nam--2200133-i-4500</leader><controlfield tag="001">000003561</controlfield><controlfield tag="002">20161230</controlfield><controlfield tag="005">20161230201025</controlfield><controlfield tag="008">060222s1000------------r-----000-0-eng-d</controlfield><datafield ind1=" " ind2=" " tag="100"><subfield code="a">Bedov, D.G. Si Vinogradov, V.A</subfield></datafield><datafield ind1=" " ind2=" " tag="245"><subfield code="a">Lipirea si cositorirea in fabricatia condensat orilor. traducere din limba rusa. numai pentru documentare</subfield></datafield><datafield ind1=" " ind2=" " tag="260"><subfield code="a">Bucuresti, Edit.Energetica De Stat, 1954 114 P. + Ilustr</subfield></datafield><datafield ind1=" " ind2=" " tag="490"><subfield code="a">Meeie</subfield></datafield><datafield ind1=" " ind2=" " tag="852"><subfield code="a">3481</subfield></datafield></record></collection>